@article{hammond2011wavelets,
	title="Wavelets on graphs via spectral graph theory",
	author="David K. {Hammond} and Pierre {Vandergheynst} and RÃ©mi {Gribonval}",
	journal="Applied and Computational Harmonic Analysis",
	volume="30",
	number="2",
	pages="129--150",
	year="2011"
}

