@article{DBLP:journals/corr/OordKVEGK16,
  author    = {A{\"{a}}ron van den Oord and
               Nal Kalchbrenner and
               Oriol Vinyals and
               Lasse Espeholt and
               Alex Graves and
               Koray Kavukcuoglu},
  title     = {Conditional Image Generation with PixelCNN Decoders},
  journal   = {CoRR},
  volume    = {abs/1606.05328},
  year      = {2016},
  url       = {http://arxiv.org/abs/1606.05328},
  archivePrefix = {arXiv},
  eprint    = {1606.05328},
  timestamp = {Mon, 13 Aug 2018 16:46:40 +0200},
  biburl    = {https://dblp.org/rec/bib/journals/corr/OordKVEGK16},
  bibsource = {dblp computer science bibliography, https://dblp.org}
}

