% Encoding: UTF-8

@Article{Wu2019,
  author        = {Zonghan Wu and Shirui Pan and Fengwen Chen and Guodong Long and Chengqi Zhang and Philip S. Yu},
  title         = {A Comprehensive Survey on Graph Neural Networks},
  journal       = {CoRR},
  year          = {2019},
  volume        = {abs/1901.00596},
  archiveprefix = {arXiv},
  bibsource     = {dblp computer science bibliography, https://dblp.org},
  biburl        = {https://dblp.org/rec/bib/journals/corr/abs-1901-00596},
  eprint        = {1901.00596},
  timestamp     = {Thu, 31 Jan 2019 13:52:49 +0100},
  url           = {http://arxiv.org/abs/1901.00596},
}

@Article{Bruna2013,
  author        = {Joan Bruna and Wojciech Zaremba and Arthur Szlam and Yann LeCun},
  title         = {Spectral Networks and Locally Connected Networks on Graphs},
  journal       = {CoRR},
  year          = {2013},
  volume        = {abs/1312.6203},
  archiveprefix = {arXiv},
  bibsource     = {dblp computer science bibliography, https://dblp.org},
  biburl        = {https://dblp.org/rec/bib/journals/corr/BrunaZSL13},
  eprint        = {1312.6203},
  timestamp     = {Mon, 13 Aug 2018 16:47:40 +0200},
  url           = {http://arxiv.org/abs/1312.6203},
}

@InCollection{Defferrard2016,
  author    = {Defferrard, Micha\"{e}l and Bresson, Xavier and Vandergheynst, Pierre},
  title     = {Convolutional Neural Networks on Graphs with Fast Localized Spectral Filtering},
  booktitle = {Advances in Neural Information Processing Systems 29},
  publisher = {Curran Associates, Inc.},
  year      = {2016},
  editor    = {D. D. Lee and M. Sugiyama and U. V. Luxburg and I. Guyon and R. Garnett},
  pages     = {3844--3852},
  url       = {http://papers.nips.cc/paper/6081-convolutional-neural-networks-on-graphs-with-fast-localized-spectral-filtering.pdf},
}

@Article{Goodfellow2017,
  author        = {Ian J. Goodfellow},
  title         = {{NIPS} 2016 Tutorial: Generative Adversarial Networks},
  journal       = {CoRR},
  year          = {2017},
  volume        = {abs/1701.00160},
  archiveprefix = {arXiv},
  bibsource     = {dblp computer science bibliography, https://dblp.org},
  biburl        = {https://dblp.org/rec/bib/journals/corr/Goodfellow17},
  eprint        = {1701.00160},
  timestamp     = {Mon, 13 Aug 2018 16:46:12 +0200},
  url           = {http://arxiv.org/abs/1701.00160},
}

@Article{Kipf2016,
  author        = {Thomas N. Kipf and Max Welling},
  title         = {Semi-Supervised Classification with Graph Convolutional Networks},
  journal       = {CoRR},
  year          = {2016},
  volume        = {abs/1609.02907},
  archiveprefix = {arXiv},
  bibsource     = {dblp computer science bibliography, https://dblp.org},
  biburl        = {https://dblp.org/rec/bib/journals/corr/KipfW16},
  eprint        = {1609.02907},
  timestamp     = {Mon, 13 Aug 2018 16:48:31 +0200},
  url           = {http://arxiv.org/abs/1609.02907},
}

@Article{Hammond2011,
  author  = {David K. {Hammond} and Pierre {Vandergheynst} and Rémi {Gribonval}},
  title   = {Wavelets on graphs via spectral graph theory},
  journal = {Applied and Computational Harmonic Analysis},
  year    = {2011},
  volume  = {30},
  number  = {2},
  pages   = {129--150},
}

@Article{Oord2016,
  author        = {A{\"{a}}ron van den Oord and Nal Kalchbrenner and Koray Kavukcuoglu},
  title         = {Pixel Recurrent Neural Networks},
  journal       = {CoRR},
  year          = {2016},
  volume        = {abs/1601.06759},
  archiveprefix = {arXiv},
  bibsource     = {dblp computer science bibliography, https://dblp.org},
  biburl        = {https://dblp.org/rec/bib/journals/corr/OordKK16},
  eprint        = {1601.06759},
  timestamp     = {Mon, 13 Aug 2018 16:46:29 +0200},
  url           = {http://arxiv.org/abs/1601.06759},
}

@Article{Oord2016a,
  author        = {A{\"{a}}ron van den Oord and Nal Kalchbrenner and Oriol Vinyals and Lasse Espeholt and Alex Graves and Koray Kavukcuoglu},
  title         = {Conditional Image Generation with PixelCNN Decoders},
  journal       = {CoRR},
  year          = {2016},
  volume        = {abs/1606.05328},
  archiveprefix = {arXiv},
  bibsource     = {dblp computer science bibliography, https://dblp.org},
  biburl        = {https://dblp.org/rec/bib/journals/corr/OordKVEGK16},
  eprint        = {1606.05328},
  timestamp     = {Mon, 13 Aug 2018 16:46:40 +0200},
  url           = {http://arxiv.org/abs/1606.05328},
}

@InCollection{Pu2016,
  author    = {Pu, Yunchen and Gan, Zhe and Henao, Ricardo and Yuan, Xin and Li, Chunyuan and Stevens, Andrew and Carin, Lawrence},
  title     = {Variational Autoencoder for Deep Learning of Images, Labels and Captions},
  booktitle = {Advances in Neural Information Processing Systems 29},
  publisher = {Curran Associates, Inc.},
  year      = {2016},
  editor    = {D. D. Lee and M. Sugiyama and U. V. Luxburg and I. Guyon and R. Garnett},
  pages     = {2352--2360},
  url       = {http://papers.nips.cc/paper/6528-variational-autoencoder-for-deep-learning-of-images-labels-and-captions.pdf},
}

@InProceedings{Arjovsky2017,
  author    = {Martín {Arjovsky} and Soumith {Chintala} and Léon {Bottou}},
  title     = {Wasserstein Generative Adversarial Networks},
  booktitle = {International Conference on Machine Learning},
  year      = {2017},
  pages     = {214--223},
}

@article{Li2018,
  author    = {Qimai Li and
               Zhichao Han and
               Xiao{-}Ming Wu},
  title     = {Deeper Insights into Graph Convolutional Networks for Semi-Supervised
               Learning},
  journal   = {CoRR},
  volume    = {abs/1801.07606},
  year      = {2018},
  url       = {http://arxiv.org/abs/1801.07606},
  archivePrefix = {arXiv},
  eprint    = {1801.07606},
  timestamp = {Mon, 13 Aug 2018 16:46:48 +0200},
  biburl    = {https://dblp.org/rec/bib/journals/corr/abs-1801-07606},
  bibsource = {dblp computer science bibliography, https://dblp.org}
}

@article{Huang2018,
  author    = {Wen{-}bing Huang and
               Tong Zhang and
               Yu Rong and
               Junzhou Huang},
  title     = {Adaptive Sampling Towards Fast Graph Representation Learning},
  journal   = {CoRR},
  volume    = {abs/1809.05343},
  year      = {2018},
  url       = {http://arxiv.org/abs/1809.05343},
  archivePrefix = {arXiv},
  eprint    = {1809.05343},
  timestamp = {Fri, 05 Oct 2018 11:34:52 +0200},
  biburl    = {https://dblp.org/rec/bib/journals/corr/abs-1809-05343},
  bibsource = {dblp computer science bibliography, https://dblp.org}
}

@article{Gao2018,
  author    = {Hongyang Gao and
               Zhengyang Wang and
               Shuiwang Ji},
  title     = {Large-Scale Learnable Graph Convolutional Networks},
  journal   = {CoRR},
  volume    = {abs/1808.03965},
  year      = {2018},
  url       = {http://arxiv.org/abs/1808.03965},
  archivePrefix = {arXiv},
  eprint    = {1808.03965},
  timestamp = {Sun, 02 Sep 2018 15:01:55 +0200},
  biburl    = {https://dblp.org/rec/bib/journals/corr/abs-1808-03965},
  bibsource = {dblp computer science bibliography, https://dblp.org}
}

@Comment{jabref-meta: databaseType:bibtex;}
