@article{DBLP:journals/corr/BrunaZSL13,
  author    = {Joan Bruna and
               Wojciech Zaremba and
               Arthur Szlam and
               Yann LeCun},
  title     = {Spectral Networks and Locally Connected Networks on Graphs},
  journal   = {CoRR},
  volume    = {abs/1312.6203},
  year      = {2013},
  url       = {http://arxiv.org/abs/1312.6203},
  archivePrefix = {arXiv},
  eprint    = {1312.6203},
  timestamp = {Mon, 13 Aug 2018 16:47:40 +0200},
  biburl    = {https://dblp.org/rec/bib/journals/corr/BrunaZSL13},
  bibsource = {dblp computer science bibliography, https://dblp.org}
}

