@article{DBLP:journals/corr/Goodfellow17,
  author    = {Ian J. Goodfellow},
  title     = {{NIPS} 2016 Tutorial: Generative Adversarial Networks},
  journal   = {CoRR},
  volume    = {abs/1701.00160},
  year      = {2017},
  url       = {http://arxiv.org/abs/1701.00160},
  archivePrefix = {arXiv},
  eprint    = {1701.00160},
  timestamp = {Mon, 13 Aug 2018 16:46:12 +0200},
  biburl    = {https://dblp.org/rec/bib/journals/corr/Goodfellow17},
  bibsource = {dblp computer science bibliography, https://dblp.org}
}

