@article{hammond2011wavelets,
	title="Wavelets on graphs via spectral graph theory",
	author="David K. {Hammond} and Pierre {Vandergheynst} and Rémi {Gribonval}",
	journal="Applied and Computational Harmonic Analysis",
	volume="30",
	number="2",
	pages="129--150",
	year="2011"
}

@inproceedings{arjovsky2017wasserstein,
	title="Wasserstein Generative Adversarial Networks",
	author="Martín {Arjovsky} and Soumith {Chintala} and Léon {Bottou}",
	booktitle="International Conference on Machine Learning",
	pages="214--223",
	year="2017"
}

